<?xml version="1.0" encoding="UTF-8"?><collection xmlns="http://www.loc.gov/MARC21/slim"><record><leader>00386nam--2200133-i-4500</leader><controlfield tag="001">000017924</controlfield><controlfield tag="002">20161230</controlfield><controlfield tag="005">20161230201032</controlfield><controlfield tag="008">060222s1000------------r-----000-0-eng-d</controlfield><datafield ind1=" " ind2=" " tag="080"><subfield code="a">030.1= 20</subfield></datafield><datafield ind1=" " ind2=" " tag="245"><subfield code="a">Encyclopedia britanica. a new survery of universal knowledge</subfield></datafield><datafield ind1=" " ind2=" " tag="260"><subfield code="a">Chicago-london-toronto, Encyclopedia Britanica, Ltd., 1956</subfield></datafield><datafield ind1=" " ind2=" " tag="490"><subfield code="a">Encyclopedia Britanica</subfield></datafield><datafield ind1=" " ind2=" " tag="852"><subfield code="a">D.6</subfield></datafield></record></collection>